@Manual{foreach,
  title = {foreach: Foreach looping construct for R},
  author = {Revolution Analytics},
  year = {2012},
  note = {R package version 1.4.0},
  url = {http://CRAN.R-project.org/package=foreach},
}

@Manual{doRNG,
  title = {doRNG: Generic Reproducible Parallel Backend for foreach Loops},
  author = {Renaud Gaujoux},
  year = {2012},
  note = {R package version 1.4.7},
}

@Manual{doRedis,
  title = {doRedis: Foreach parallel adapter for the rredis package},
  author = {B. W. Lewis},
  year = {2012},
  note = {R package version 1.0.5},
  url = {http://CRAN.R-project.org/package=doRedis},
}

@Manual{parallel,
  title = {R: A Language and Environment for Statistical Computing},
  author = {{R Core Team}},
  organization = {R Foundation for Statistical Computing},
  address = {Vienna, Austria},
  year = {2012},
  note = {{ISBN} 3-900051-07-0},
  url = {http://www.R-project.org/},
}
